<record><leader>00000cas a2200000 a 4500</leader><controlfield tag="001">20010976</controlfield><controlfield tag="008">890714c19859999ohumr ne      0   a0eng c</controlfield><datafield ind1=" " ind2=" " tag="010"><subfield code="a">sn 89007032 </subfield></datafield><datafield ind1=" " ind2=" " tag="040"><subfield code="a">NSD</subfield><subfield code="b">eng</subfield><subfield code="c">NSD</subfield><subfield code="d">ELM</subfield><subfield code="d">NST</subfield><subfield code="d">NVK</subfield><subfield code="d">OCLCQ</subfield><subfield code="d">NYP</subfield><subfield code="d">OCLCQ</subfield><subfield code="d">OCLCA</subfield><subfield code="d">OCLCF</subfield></datafield><datafield ind1=" " ind2=" " tag="012"><subfield code="i">9110</subfield><subfield code="l">1</subfield><subfield code="m">1</subfield></datafield><datafield ind1="0" ind2=" " tag="022"><subfield code="a">1045-0491</subfield><subfield code="l">1045-0491</subfield><subfield code="2">1</subfield></datafield><datafield ind1="1" ind2=" " tag="029"><subfield code="a">AU@</subfield><subfield code="b">000020550460</subfield></datafield><datafield ind1=" " ind2=" " tag="032"><subfield code="a">004188</subfield><subfield code="b">USPS</subfield></datafield><datafield ind1=" " ind2=" " tag="037"><subfield code="b">Funny Times Subscriptions, PO Box 18530, Cleveland Heights, OH 44118</subfield></datafield><datafield ind1=" " ind2=" " tag="042"><subfield code="a">nsdp</subfield><subfield code="a">pcc</subfield></datafield><datafield ind1=" " ind2=" " tag="043"><subfield code="a">n-us-oh</subfield></datafield><datafield ind1="1" ind2="0" tag="082"><subfield code="a">817</subfield><subfield code="2">11</subfield></datafield><datafield ind1="0" ind2=" " tag="210"><subfield code="a">We're living funny times</subfield></datafield><datafield ind1=" " ind2="0" tag="222"><subfield code="a">We're living in funny times</subfield></datafield><datafield ind1="0" ind2="0" tag="245"><subfield code="a">We're living in funny times.</subfield></datafield><datafield ind1="3" ind2=" " tag="246"><subfield code="a">We are living in funny times</subfield></datafield><datafield ind1="3" ind2="0" tag="246"><subfield code="a">Funny times</subfield></datafield><datafield ind1=" " ind2=" " tag="260"><subfield code="a">[Cleveland Heights, Ohio] :</subfield><subfield code="b">Susan Wolpert and Raymond Lesser,</subfield><subfield code="c">c1989-</subfield></datafield><datafield ind1=" " ind2=" " tag="300"><subfield code="a">v. :</subfield><subfield code="b">ill. (some col.) ;</subfield><subfield code="c">44 folded to 30 cm.</subfield></datafield><datafield ind1=" " ind2=" " tag="310"><subfield code="a">Monthly</subfield></datafield><datafield ind1="1" ind2=" " tag="362"><subfield code="a">Began with Nov. 21, 1985.</subfield></datafield><datafield ind1=" " ind2=" " tag="500"><subfield code="a">Published by: Funny Times, Inc., &lt;Nov. 1989-&gt;</subfield></datafield><datafield ind1=" " ind2=" " tag="588"><subfield code="a">Description based on: Issue #2 (Dec. 5, 1985); title from caption.</subfield></datafield><datafield ind1=" " ind2=" " tag="588"><subfield code="a">Latest issue consulted: Vol. 22, issue 4 (Apr. 2007).</subfield></datafield><datafield ind1=" " ind2="0" tag="650"><subfield code="a">Popular culture</subfield><subfield code="z">Ohio</subfield><subfield code="v">Newspapers.</subfield></datafield><datafield ind1=" " ind2="0" tag="650"><subfield code="a">Comic books, strips, etc.</subfield></datafield><datafield ind1=" " ind2="0" tag="651"><subfield code="a">Cleveland (Ohio)</subfield><subfield code="v">Newspapers.</subfield></datafield><datafield ind1=" " ind2="7" tag="655"><subfield code="a">Newspapers.</subfield><subfield code="2">fast</subfield><subfield code="0">(OCoLC)fst01423814</subfield></datafield><datafield ind1=" " ind2="7" tag="650"><subfield code="a">Comic books, strips, etc.</subfield><subfield code="2">fast</subfield><subfield code="0">(OCoLC)fst00869145</subfield></datafield><datafield ind1=" " ind2="7" tag="650"><subfield code="a">Popular culture.</subfield><subfield code="2">fast</subfield><subfield code="0">(OCoLC)fst01071344</subfield></datafield><datafield ind1=" " ind2="7" tag="651"><subfield code="a">Ohio.</subfield><subfield code="2">fast</subfield><subfield code="0">(OCoLC)fst01205075</subfield></datafield><datafield ind1=" " ind2="7" tag="651"><subfield code="a">Ohio</subfield><subfield code="z">Cleveland.</subfield><subfield code="2">fast</subfield><subfield code="0">(OCoLC)fst01205966</subfield></datafield><datafield ind1=" " ind2=" " tag="752"><subfield code="a">United States</subfield><subfield code="b">Ohio</subfield><subfield code="c">Cuyahoga</subfield><subfield code="d">Cleveland.</subfield></datafield><datafield ind1=" " ind2=" " tag="850"><subfield code="a">MiEM</subfield><subfield code="a">MiU</subfield><subfield code="a">NN</subfield><subfield code="a">PPiC</subfield></datafield></record>